@book{womak:scala-imp,
	author  = {Cay S. Horstmann},
	title   = {Scala for the Impatient},
	publisher = {Addison-Wesley},
	year    = {2012}
}

@online{site:agile-manifesto,
    title   = {Manifesto Agile},
    url     = {http://agilemanifesto.org/iso/it/}
}

@online{site:doc-orientDB,
	title = {Documentazione OrientDB},
	url = {http://orientdb.com/docs/2.1/}
}

@online{site:doc-scala,
	title = {Documentazione Scala},
	url = {http://www.scala-lang.org/documentation/}
}

@online{site:doc-play,
	title = {Documentazione Play Framework},
	url = {https://www.playframework.com/documentation/2.4.x/Home}
}

@online{site:course-scala,
	title = {Principi della programmazione funzionale in Scala (corso)},
	url = {https://www.coursera.org/course/progfun}
}

@online{site:codecov,
	title = {Code coverage},
	url = {https://codecov.io/}
}




